% This file was created with JabRef 2.4.2.
% Encoding: UTF8


@BOOKLET{TypeScript,
  title = {TypeScript - TypeScript is a strongly typed programming language that builds on JavaScript},
  author = {{Microsoft}},
  lastchecked = {17.10.2022},
  year = {2022},
  owner = {Röding},
  timestamp = {2022.10.17},
  url = {https://www.typescriptlang.org/}
}

@BOOKLET{Nuxt3,
  title = {Nuxt 3 - Nuxt 3 is an open source framework making web development simple and powerful},
  author = {{Nuxt 3}},
  lastchecked = {17.10.2022},
  year = {2022},
  owner = {Röding},
  timestamp = {2022.10.17},
  url = {https://v3.nuxtjs.org/}
}
